@manual{edm,
  author    = {Europeana Foundation},
  title     = {Definition of the Europeana Data Model v5.2.8},
  year      = {2017},
  biburl    = {http://pro.europeana.eu/edm-documentation}
}

@misc{BernersLee06,
  author    = {Timothy Berners-Lee},
  title     = {Linked Data Design Issues},
  howpublished = {W3C-Internal Document},
  year      = {2006},
  biburl    = {http://www.w3.org/DesignIssues/LinkedData.html}
}

@techreport{Charles15,
  author    = {Valentine Charles and Antoine Isaac},
  title     = {{Enhancing the Europeana Data Model (EDM)}},
  year      = {2015},
  institution = {Europeana V3.0},
  biburl    = {https://pro.europeana.eu/files/Europeana_Professional/Publications/EDM_WhitePaper_17062015.pdf}
}

@techreport{Dunning15,
  author    = {Alastair Dunning and Alena Fedesenka and Anastasia Gasia and Markus Muhr},
  title     = {Report on newspapers data aggregated by The European Library},
  year      = {2015},
  institution = {Europeana Newspapers D4.5},
  biburl    = {http://www.europeana-newspapers.eu/wp-con-tent/uploads/2015/05/D4.5_Report_on_newspapers_aggregated_by_TEL_3.0.pdf}
}

@techreport{Muehlberger14,
  author    = {Günter Mühlberger},
  title     = {{METS ALTO Profile (ENMAP)}},
  year      = {2014},
  institution = {Europeana Newspapers D5.2},
  biburl    = {https://pro.europeana.eu/files/Europeana_Professional/Projects/Project_list/Europeana_Newspapers/Deliverables/ENP_D5.2_ENMAP.pdf}
}

@techreport{Charles16,
  author    = {Valentine Charles and Nuno Freire and Hugo Manguinhas and Peter Vos and Glen Robson},
  title     = {{Recommendations for enhancing EDM to represent digital content}},
  year      = {2016},
  institution = {Europeana Cloud D4.4},
  biburl    = {https://pro.europeana.eu/files/Europeana_Professional/
Pro-jects/Project_list/Europeana_Cloud/Deliverables/D4.4\%20Recommendations\%20For\%20Enhancing\%20EDM\%20to\%20Support\%20Research\%20Oriented\%20Content.pdf}
}

@techreport{Goosen17,
  author    = {Twan Goosen and Dieter Van Uytvanck and Nuno Freire},
  title     = {{Results and Impact of Sharing Europeana Data with CLARIN}},
  year      = {2017},
  institution = {Europeana DSI-2 MS2.2},
  biburl    = {https://pro.europeana.eu/files/Europeana_Professional/Projects/Project_list/Europeana_DSI-2/Milestones/ms2.2-results-and-impact-of-sharing-europeana-data-with-clarin.pdf}
}

@inproceedings{Dugenie2017,
    author={Dugenie Pascal and Nuno Freire and Daan Broeder},
title={{Building new knowledge from distributed scientific corpus: HERBADROP \& EUROPEANA: Two concrete case studies for exploring big archival data}},
  booktitle={{2017 IEEE International Conference on Big Data}},
  pages={2231--2239},
  year={2017},
  organization={IEEE},
  doi={10.1109/BigData.2017.8258174}
}

@inproceedings{Gordea15,
author = {Sergiu Gordea and Hugo Manguinhas and Antoine Isaac and Valentine Charles and Maarten Brinkerink and Alessio Piccioli and Breandán Knowlton},
year = {2015},
booktitle={Semantic Web in Libraries Conference 2015},
title = {Modelling and exchanging annotation for Europeana projects}
}

@manual{cmdi,
  author    = {CMDI Taskforce},
  title     = {{Component Metadata Infrastructure (CMDI) Component Metadata Specification Version 1.2}},
  year      = {2016},
  biburl    = {https://www.clarin.eu/cmdi1.2-specification},
}

@manual{publishingGuide,
  author    = {Europeana Foundation},
  title     = {{Europeana Publishing Guide v1.5}},
  year      = {2017},
  biburl    = {https://pro.europeana.eu/files/Europeana_Professional/Publications/Europeana\%20Publishing\%20Guide\%20v1.5.pdf},
}
